@misc{genitron,
	author = {Genitron},
	title = {Glock 23 Simulation},
	howpublished = "\url{http://genitron.com/Basics/Interactive-Glock-Pistol}",
	year = {2}
}

@misc{box2d,
	author = {Box2D},
	title = {Box2D},
	howpublished = "\url{http://box2d.org/}",
	year = {1}
}

@misc{iforce,
	author = {iForce2D},
	title = {iForce2D},
	howtopublished = "\url{http://www.iforce2d.net/}",
	year = {3}
}
